@ARTICLE{1255391, 
author={Cano, J.R. and Herrera, F. and Lozano, M.}, 
journal={Evolutionary Computation, IEEE Transactions on}, 
title={Using evolutionary algorithms as instance selection for data reduction in KDD: an experimental study}, 
year={2003}, 
month={Dec}, 
volume={7}, 
number={6}, 
pages={561-575}, 
keywords={data mining;data reduction;evolutionary computation;pattern classification;KDD;adaptive methods;classification accuracy;data reduction;evolutionary algorithms;instance selection;knowledge discovery in databases;natural evolution;prototype selection;search problem;training set selection;Data mining;Data preprocessing;Databases;Delta modulation;Evolutionary computation;Internet;Optimization methods;Prototypes;Search problems;Space technology}, 
doi={10.1109/TEVC.2003.819265}, 
ISSN={1089-778X},}


@article{toussaint2002proximity,
  title={Proximity graphs for nearest neighbor decision rules: recent progress},
  author={Toussaint, Godfried T},
  journal={Interface},
  volume={34},
  year={2002}
}

@article{garcia2012prototype,
  title={Prototype selection for nearest neighbor classification: Taxonomy and empirical study},
  author={Garcia, Salvador and Derrac, Joaqu{\'\i}n and Cano, Jos{\'e} Ram{\'o}n and Herrera, Francisco},
  journal={Pattern Analysis and Machine Intelligence, IEEE Transactions on},
  volume={34},
  number={3},
  pages={417--435},
  year={2012},
  publisher={IEEE}
}